@book{teorMusica,
       author = {Dionisio de Pedro},
       title = {Teoría Completa de la Música},
       publisher = {Real Musical},
       year = {2008}
     }

@book{lenguajeMusical,
      author = {Raúl Segura Varo, María Torres Moreno, Marta Torres Moreno},
      title = {Lenguaje Musical 1-4},
      publisher = {R.C.M. Musicales},
      year = {2009}
    }

@book{faludi,
      author = {Robert Faludi},
      title = {Building Wireless Sensor Networks},
      publisher = {O’Reilly},
      year = {2011}
    }

@misc{faludiBlog,
      title = {Robert Faludi's Blog (Collaborative Strategy Leader in RD for Digi International)},
      howpublished = {\url{https://www.faludi.com/}},
    }

@book{dynamicwireless,
      author = {Sharief M.A. Oteafy, Hossam S. Hassanein},
      title = {Dynamic Wireless Sensor Networks},
      publisher = {Wiley-ISTE},
      year = {2014}
    }

@book{pressman,
      author = {Roger S. Pressman},
      title = {Ingeniería del software: un enfoque práctico},
      publisher = {McGraw Hill},
      year = {1998}
    }

@misc{xbeemechanical,
      title = {XBee Mechanical Drawings},
      howpublished = {\url{https://www.sparkfun.com/datasheets/Wireless/Zigbee/XBee-Dimensional.pdf}},
    }

@misc{xbeedatasheet,
      title = {XBee® and XBee-PRO® ZB Datasheet},
      howpublished = {\url{https://cdn.sparkfun.com/datasheets/Wireless/Zigbee/ds_xbeezbmodules.pdf}},
    }

@misc{productdetaildigi,
      title = {Product Detail Digi},
      howpublished = {\url{http://www.digi.com/support/productdetail?pid=3430&osvid=0&type=documentation}},
    }

@misc{lilypadcoin,
      title = {GitHub - LilyPad 20mm Coin Cell Battery Holder},
      howpublished = {\url{https://github.com/sparkfun/LilyPad_Coin_Cell_Battery_Holder-20mm}},
    }

@misc{libraryArduinoXBee,
      title = {GitHub - Library for XBee and Arduino},
      howpublished = {\url{https://github.com/andrewrapp/xbee-arduino}}
    }

@misc{cigarreras,
      title = {Componentes Banda de Cornetas y Tambores Nuestra Señora de la Victoria "Las Cigarreras"},
      howpublished = {\url{http://www.lascigarreras.net/banda/componentes/}},
      note = "Última revisión: 28 de junio de 2015",
    }

@misc{gartnercurve,
      title = {Gartner's 2014 Hype Cycle for Emerging Technologies Maps the Journey to Digital Business},
      howpublished = {\url{http://www.gartner.com/newsroom/id/2819918}},
      author="Gartner Company"
    }

@misc{arduinoRepo,
    title = {GitHub - Repositorio Arduino},
    howpublished = {\url{https://github.com/arduino/Arduino}},
    author="Arduino"
}

@misc{ministerio,
    title = {Web del Ministerio de Empleo},
    howpublished = {\url{http://www.empleo.gob.es/}},
    author="Ministerio de Empleo"
}

@misc{licenciaXCTU,
  title = {XCTU's license},
  howpublished = {\url{http://knowledge.digi.com/articles/Knowledge_Base_Article/End-User-License-Agreement-for-XCTU}},
  author="Digi Corporation"
}

@misc{desarrollaAndroid,
  title = {Ayuda Google Play - Obtener cuenta desarrollador Android},
  howpublished = {\url{https://support.google.com/googleplay/android-developer/answer/6112435?hl=es}},
  author="Google Inc."
}

@misc{estudioSalario,
  title = {Estudio nacional sobre la situación laboral de profesionales del sector de las Tecnologías de la Información},
  howpublished = {\url{http://www.ccii.es/images/ccii/documentos/Informe_Situacion_Laboral_TI_CCII.pdf}},
  author="Consejo General de Colegios Profesionales de Ingeniería Informática"
}

@misc{googlematerial,
  title = {Google Design Guidelines},
  howpublished = {\url{https://www.google.com/design/}},
  author="Google Inc."
}

@misc{arduinoWeb,
  title = {Web oficial de Arduino},
  howpublished = {\url{https://www.arduino.cc/}},
  author="Arduino"
}
